@misc{Knewton,
   title = {Knewton}, 
   note = {\url{https://www.knewton.com/blog/mastery/what-are-knewtons-knowledge-graphs/}}
 }

@misc{dkt,
   title = {Deep Knowledge Tracing}, 
   note = {\url{ http://papers.nips.cc/paper/5654-deep-knowledge-tracing.pdf}}
 }

@misc{KnowEdu,
   title = {Knowedu}, 
   note = {\url{ https://ieeexplore.ieee.org/stamp/stamp.jsp?tp=&arnumber=8362657}}
 }

@misc{Bay,
   title = {Back to the basics: Bayesian extensions of IRT outperform neural networks for proficiency estimation}, 
   note = {\url{https://arxiv.org/pdf/1604.02336.pdf}}
 }

@misc{DKT2,
   title = {Addressing Two Problems in Deep Knowledge Tracing via Prediction-Consistent Regularization}, 
   note = {\url{https://www.knewton.com/blog/mastery/what-are-knewtons-knowledge-graphs/}}
 }

@misc{Lentil,
   title = {Latent Skill Embedding (Lentil)}, 
   note = {\url{https://arxiv.org/pdf/1602.07029.pdf}}
 }

@misc{spacy,
   title = {Knowledge graphs using SpaCy}, 
   note = {\url{https://www.analyticsvidhya.com/blog/2019/10/how-to-build-knowledge-graph-text-using-spacy/}}
 }

@misc{k12,
   title = {K12EduKG}, 
   note = {\url{https://aic-fe.bnu.edu.cn/docs/20181205101832069569.pdf}}
 }

@misc{DGM,
   title = {Deep Generative Models}, 
   note = {\url{https://arxiv.org/abs/1803.03324}}
 }

@misc{DARM,
   title = {Deep Autoregressive Models}, 
   note = {\url{https://eigenfoo.xyz/deep-autoregressive-models/}}
 }

@misc{gran,
   title = {Graph Recurrent Attention Networks}, 
   note = {\url{https://arxiv.org/abs/1910.00760}}
 }

@misc{its,
   title = Intelligent Tutoring System}, 
   note = {\url{https://www.researchgate.net/publication/333828640_INTERACTIVE_LEARNING_IN_A_CONVERSATIONAL_INTELLIGENT_TUTORING_SYSTEM_USING_STUDENT_FEEDBACK_CONCEPT_GROUPING_AND_TEXT_LINKING}}
 }

@misc{DHKT,
   title = {Deep Hierarchical Knowledge Tracing}, 
   note = {\url{http://www.personal.psu.edu/ffm5105/files/2019/edm19.pdf}}
 }

@misc{concrel,
   title = {Automatic Concept Relationships Discovery for an Adaptive E-course}, 
   note = {\url{https://www.educationaldatamining.org/EDM2009/uploads/proceedings/simko.pdf}}
 }

@misc{trans,
   title = {Differentiating Concepts and Instances for Knowledge Graph Embedding}, 
   note = {\url{https://www.aclweb.org/anthology/D18-1222/}}
 }

@misc{hgkt,
   title = {HGKT : Introducing Problem Schema with Hierarchical Exercise Graph for Knowledge Tracing}, 
   note = {\url{https://arxiv.org/pdf/2006.16915v2.pdf}}
 }

